2979 3536
1335 180 1411 236 .·-
1496 113 1580 206 ιιι
1642 125 1727 219 ’--,

389 283 502 348 λατς
534 302 587 336 τε
620 285 708 338 καὶ
740 284 1086 346 παντοδαπαῖς
1119 282 1306 354 φύσεσι
1320 321 1336 345 ,
1381 283 1467 336 καὶ
1500 286 1937 354 παρατεθεαμένος
1960 285 2029 345 ἐξ
2058 288 2309 359 ἀκᾳρῃιας
2325 289 2695 358 410an
2777 343 2779 345 ,
2841 293 2852 343 f
2966 328 2977 340 „

386 386 438 418 τε
476 368 710 432 ἀγαθοὺς
735 371 834 417 τῶν
868 365 1153 436 ἀνθρώπων
1185 367 1270 419 καὶ
1297 366 1415 428 τοὺς
1449 365 1695 435 φαύλους,
1719 368 1966 429 ἰἷιπελαβον
2000 367 2106 418 δεῖν
2144 371 2431 441 συγγράψαι
2450 369 2490 426 ἂ
2506 370 2704 436 m
2934 433 2948 454 f

389 467 471 520 ροι
507 449 670 502 αὐτῶν
701 447 1083 517 ἐπιτηδεύουσιν
1110 454 1163 501 ἐν
1197 455 1265 519 τῷ
1296 449 1398 517 βίῳ.
1428 448 1670 517 Ἐκθήσω
1706 449 1770 500 δέ
1799 460 1883 500 σοι
1917 448 2043 510 κατὰ
2072 451 2214 512 γένος
2246 450 2348 505 ὅσα
2369 451 2692 518 τετυγχῶηο.

392 537 508 600 γένη
543 530 766 600 τρόπων,
812 531 1012 593 τούτοις
1057 533 1384 603 προσκείμενα
1419 532 1502 583 καὶ
1536 530 1596 581 ὃν
1630 530 1811 600 τρόπον
1844 538 1910 602 τῇ
1947 531 2203 602 οἰκονομία
2235 539 2464 603 χρῶνται,
2534 539 2679 590 Ἰηο-

394 613 626 680 λαμβάνω
661 614 786 683 γὰρ,
822 613 864 666 ὦ
897 613 1190 676 Πολύκλεις,
1226 616 1342 676 τοὺς
1375 617 1502 675 ύιεῖς
1534 616 1678 682 ἡμῶν
1709 615 1928 676 βελτίους
1959 615 2177 666 ἔσεσθαι
2191 653 2208 676 ,
2254 618 2682 684 καταλειφθέντων

393 698 566 759 αὐτοῖς
592 695 965 765 ὑπομνημάτων
989 697 1240 759 τοιούτων,
1276 695 1353 758 οἷς
1386 698 1757 765 παραδείγμασι
1783 696 2025 767 χρώμενοι
2048 696 2344 767 αἱρήσονται
2372 707 2478 761 τοῖς
2503 685 2685 768 edaxq-

391 779 716 846 μονεστάτοις
754 782 979 832 συνεῖναί
1012 800 1065 832 τε
1099 782 1185 832 καὶ
1219 782 1430 847 ὁμιλεῖν,
1467 779 1600 841 ὅπως
1633 781 1704 848 μὴ
1741 782 2111 850 καταδεέστεροι
2146 779 2272 831 ὦσιν
2306 781 2484 834 αὐτῶν.
2520 783 2686 852 Vides

392 864 520 916 nihil
553 867 750 918 omnino
785 867 838 916 in
881 865 962 916 his
1005 869 1196 928 inesse,
1243 864 1377 930 quod
1423 864 1492 931 ad
1537 864 1691 916 ullam
1726 865 2076 934 philosophiae
2111 870 2302 934 partem
2337 866 2689 935 explicandam

399 948 570 1014 aliquo
605 946 757 999 modo
781 947 971 1011 tendat,
1009 947 1123 999 dum
1156 953 1333 1007 contra
1356 946 1482 997 nihil
1505 948 1645 999 aliud
1679 951 1766 1016 agi
1795 948 2045 1012 videatur,
2077 965 2220 1015 quam
2256 953 2311 999 ut
2343 951 2580 1001 vitiorum
2613 952 2690 1002 sic

397 1035 684 1084 notatorum
723 1030 967 1099 exemplis
1013 1033 1263 1083 iuventuti
1309 1047 1479 1082 norma
1518 1031 1586 1083 ad
1622 1035 1779 1084 vitam
1814 1037 1955 1085 recte
1986 1030 2338 1084 instituendam
2368 1036 2697 1100 proponatur.

397 1106 871 1182 Philosophieorum
904 1115 1060 1181 igitur
1095 1117 1392 1182 scriptorum
1418 1131 1487 1165 ex
1513 1114 1682 1166 classe
1713 1115 2110 1182 quandoquidem
2135 1113 2219 1166 bic
2254 1114 2460 1166 libellus
2493 1117 2694 1167 omnino
2756 1175 2761 1178 .

400 1196 693 1248 eximendus
729 1202 833 1261 est,
869 1213 932 1249 eo
964 1200 1129 1266 aptius
1174 1200 1219 1247 is
1251 1197 1606 1266 Theophrasto
1641 1198 1801 1248 tribui·
1820 1214 1974 1266 posse
2010 1197 2292 1262 videbitur,
2327 1214 2425 1265 quo
2460 1198 2691 1267 philoso-
2722 1224 2739 1243 ο

401 1279 551 1347 phiae
585 1284 777 1347 partem
809 1281 1047 1331 moralem
1078 1279 1232 1347 digna
1267 1280 1570 1348 philosopho
1605 1283 1800 1331 ratione
1832 1283 1885 1329 in
1919 1281 2062 1332 libris
2082 1276 2375 1332 Ethicorum
2393 1280 2546 1332 hodie
2574 1295 2694 1348 per-

406 1361 526 1414 ditis
558 1378 669 1414 eum
702 1367 1044 1432 pertractasse
1067 1366 1254 1415 certius
1286 1366 1584 1427 constiterit,
1622 1380 1825 1430 quorum
1847 1380 1947 1415 non
1982 1364 2096 1416 sola
2129 1367 2313 1417 mentio
2347 1363 2482 1434 apud
2495 1363 2695 1432 Dioge-

404 1463 514 1499 nem
551 1446 810 1500 Laertium
836 1447 916 1512 fit,
968 1446 1063 1500 sed
1108 1463 1312 1513 quorum
1354 1448 1486 1501 adeo
1520 1449 1799 1516 fragmenta
1835 1447 2078 1514 quaedam
2111 1453 2327 1502 aetatem
2357 1449 2578 1501 tulerunt
2609 1446 2694 1512 ⁹²).

408 1530 621 1581 Nullam
665 1530 895 1596 equidem
930 1533 1027 1581 iam
1076 1533 1329 1598 perspicio
1365 1547 1616 1596 caussam,
1667 1547 1757 1582 cur
1791 1531 2145 1600 Theophrasto
2198 1547 2298 1584 non
2329 1532 2532 1585 licuerit
2565 1529 2698 1583 idem

407 1614 607 1676 facere,
645 1612 781 1678 quod
814 1613 904 1663 alii
939 1613 1080 1664 nullo
1111 1630 1211 1663 non
1240 1617 1462 1681 tempore
1498 1631 1593 1666 nec
1623 1617 1732 1666 sine
1763 1615 1930 1666 fructu
1954 1613 2205 1679 fecerunt,
2240 1619 2297 1665 ut
2331 1614 2562 1683 populari
2589 1629 2698 1668 mo-

408 1714 513 1747 rum
548 1698 807 1747 notatione
841 1694 932 1745 vel
967 1697 1203 1746 vitiorum
1238 1696 1327 1746 vel
1371 1699 1610 1747 virtutum
1656 1697 1889 1764 exempla
1923 1699 2186 1763 imaginum
2216 1699 2374 1747 instar
2419 1698 2484 1748 ob
2521 1692 2706 1752 oculos

412 1780 663 1831 iuventuti
680 1783 949 1846 ponerent:
987 1777 1122 1844 quod
1152 1779 1214 1829 ab
1251 1794 1383 1829 aevo
1409 1779 1795 1847 Theophrasteo
1828 1784 1968 1830 tanto
2004 1781 2161 1829 minus
2195 1779 2514 1831 abhorruisse
2548 1778 2700 1830 vide-

413 1868 517 1924 tur,
551 1877 649 1927 quo
687 1863 876 1912 certius
906 1866 957 1911 et
994 1861 1125 1911 alios
1159 1861 1532 1928 Peripateticos
1568 1862 1822 1926 aequales,
1858 1868 1913 1912 ut
1947 1863 2328 1926 Dicaearchum,
2361 1862 2703 1930 Theophrasti

414 1943 730 2004 familiarem,
778 1941 1131 2008 philosophiae
1167 1945 1369 2007 proprie
1404 1942 1574 1991 dictae
1610 1947 1883 2007 practicam
1930 1943 2067 1992 illam
2102 1950 2293 2010 partem
2327 1944 2619 1995 adiunxisse
2654 1936 2711 1993 in‘

412 2029 670 2094 comperto
706 2023 992 2074 habeamus.
1062 2024 1149 2073 Ex
1196 2039 1292 2087 quo
1328 2039 1515 2090 genere
1551 2026 1848 2091 scriptorum
1878 2016 2046 2090 vulgi'
2065 2027 2233 2091 potius
2278 2028 2329 2074 in
2361 2042 2501 2075 usum
2531 2025 2704 2077 ¹edito-

414 2126 520 2159 rum
556 2124 701 2173 quum
735 2107 825 2156 alii
858 2106 1000 2155 multi
1034 2106 1192 2156 fuisse
1228 2106 1462 2157 videntur
1483 2105 1824 2174 Theophrasti
1855 2106 1987 2169 libri,
2023 2111 2125 2156 tum
2155 2107 2246 2158 ille
2282 2109 2392 2175 ipse
2424 2107 2490 2159 de
2520 2110 2704 2175 nuptiis

416 2192 524 2242 fuit.
561 2188 716 2242 Adde
744 2188 880 2256 quod
913 2205 977 2240 ea
1010 2191 1122 2258 ipsa
1152 2195 1333 2252 aetate,
1369 2206 1465 2256 qua
1490 2188 1873 2258 Theophrastus
1906 2191 2056 2252 vixit,
2084 2189 2357 2259 populares
2381 2193 2489 2242 eius
2522 2193 2707 2242 morum

415 2280 666 2333 certorum
701 2273 998 2339 imaginibus
1033 2274 1084 2320 in
1120 2289 1275 2322 scena
1318 2273 1555 2323 exhibitis
1591 2275 1761 2321 mirum
1810 2278 2039 2337 quantum
2084 2272 2328 2323 delectati
2373 2273 2539 2336 fuere,
2595 2277 2706 2338 qui-

417 2358 510 2408 bus
546 2373 691 2422 quum
733 2355 900 2404 multis
942 2354 1219 2405 nominibus
1269 2352 1605 2405 Charaeteres
1658 2355 2028 2423 Theophrasti,
2078 2339 2369 2422 argumenta
2421 2357 2467 2405 si
2513 2355 2708 2429 quidem

418 2504 484 2541 ter
512 2497 556 2540 in
596 2496 679 2540 das
708 2496 861 2539 Inuere
888 2507 960 2546 ‚zu
989 2495 1143 2538 ffihren
1156 2524 1169 2550 ,
1217 2494 1292 2537 hat
1320 2507 1419 2539 man
1449 2495 1545 2539 sich
1591 2508 1680 2539 von
1729 2494 1805 2537 der
1851 2493 2132 2550 Aufzihlung
2177 2494 2348 2538 solcher
2399 2494 2713 2540 menschlicher

419 2557 517 2599 bles
543 2568 601 2596 an
642 2555 724 2597 das
754 2554 1004 2611 Aeussere,
1047 2567 1105 2596 an
1144 2554 1216 2595 die
1246 2554 1546 2611 Erscheinung
1594 2552 1854 2596 Gebreehen
1884 2553 1972 2595 und
2000 2554 2217 2594 einzelner
2243 2553 2395 2613 Zfige,
2427 2554 2516 2598 wie
2544 2555 2613 2596 sie
2637 2553 2713 2610 je-

420 2615 636 2673 gehalten.
665 2614 800 2656 Diess
829 2614 887 2655 ist
913 2613 1027 2655 denn
1049 2614 1117 2655 fiir
1144 2612 1260 2654 mich
1288 2614 1353 2654 ein
1370 2615 1547 2667 Haupt·
1595 2613 1672 2654 der
1703 2613 1801 2668 Tag
1832 2625 1934 2654 zum
1964 2613 2211 2655 Vorschein
2238 2614 2405 2670 bringt,
2436 2614 2533 2656 eine
2550 2612 2714 2656 Refor-

421 2672 585 2730 grund,
626 2685 793 2715 warum
836 2672 908 2715 ich
946 2672 1190 2715 Bedenken
1231 2678 1373 2729 trage,
1423 2672 1546 2713 diese
1594 2672 1752 2714 mation
1782 2670 1862 2713 auf
1886 2671 1984 2713 dem
2017 2671 2236 2714 sittlichen
2253 2669 2441 2715 Gebiete
2466 2668 2716 2715 erwarten?

423 2731 605 2776 Chai-ak
641 2744 697 2785 xre
726 2731 795 2773 fur
823 2731 904 2773 das
932 2731 1129 2774 Produkt
1159 2730 1239 2772 des
1255 2730 1549 2785 Theophrasts
1595 2731 1702 2772 Man
1731 2730 1824 2772 lese
1853 2729 1924 2772 die
1952 2729 2318 2774 Nicomachische
2338 2730 2473 2773 Ethik
2501 2729 2589 2772 und
2616 2743 2715 2774 man

423 2803 483 2834 zu
512 2789 684 2844 hulten,
724 2789 930 2831 wiewohl
972 2791 1038 2831 sie
1072 2802 1152 2832 aus
1184 2789 1261 2831 der
1286 2789 1549 2844 Peripateti·
1597 2788 1708 2831 wird
1747 2788 1987 2845 gesteben,
2028 2789 2133 2831 dass
2163 2788 2457 2844 Theophrast,
2509 2800 2640 2832 wenn
2668 2802 2716 2832 er
2753 2796 2755 2798 ’

423 2849 563 2892 schen
603 2847 767 2890 Schule
803 2847 1195 2904 hervorgegangen
1243 2849 1336 2889 sein
1374 2850 1549 2904 mugen.
1597 2860 1649 2889 so
1678 2848 1900 2903 urtheilte,
1939 2844 2320 2904 gewiss'unffihig
2348 2860 2466 2903 war,
2499 2846 2580 2888 des
2608 2848 2717 2890 Ari-

427 2906 705 2963 Theophrast
744 2905 864 2948 hatte
900 2906 1018 2948 nicht
1061 2907 1145 2948 den
1176 2904 1305 2949 Geist
1334 2907 1413 2949 des
1443 2907 1552 2949 Ari-
1600 2906 1779 2949 stoteles
1806 2907 1853 2949 N
1855 2906 2077 2963 achfolger
2104 2906 2163 2948 im
2186 2905 2385 2963 Lyceum
2410 2918 2469 2948 zu
2493 2903 2718 2948 werden.‘.‘

428 2967 633 3022 stoteles,
672 2965 779 3008 aber
807 2965 1019 3007 arbeitete
1056 2965 1167 3008 noch
1195 2966 1343 3007 immet
1374 2967 1415 3007 in
1445 2965 1553 3008 des-
1818 3005 1827 3013 ,
2423 3003 2448 3012 „
2678 3002 2687 3011 ‚

429 3038 511 3068 sen
540 3023 698 3068 Geiste
735 3023 841 3079 fort3
889 3024 977 3065 wie
1009 3025 1168 3065 konnte
1198 3037 1283 3065 nun
1313 3038 1358 3066 er
1387 3026 1431 3066 in
1460 3024 1554 3066 sei-
1660 3004 1742 3072 97)
1773 3003 1996 3072 D¹⁰g·‚1¹·
2019 3003 2110 3071 ,ν’
2152 3003 2224 3045 4⁷·
2249 3003 2450 3071 ,Aspasu
2491 3000 2636 3045 sch‘fl·
2675 3015 2719 3043 ¹¹¹

430 3095 531 3126 „em
563 3083 637 3127 90'
673 3082 812 3126 Jahre
855 3082 968 3132 (wie
1011 3081 1083 3123 die
1120 3082 1364 3140 Eiffieimng
1401 3084 1557 3139 zeigt),
1603 3063 1777 3105 Aristot.
1827 3063 1969 3107 Ethic.
2018 3075 2061 3103 m
2113 3061 2330 3105 Classical
2372 3061 2550 3104 Journal
2617 3058 2717 3102 Vol.
2748 3121 2750 3123 Ι

430 3141 644 3187 nachdem
680 3155 729 3184 er
774 3155 826 3184 so
866 3142 955 3185 viel
997 3140 1301 3198 Speculatives
1340 3143 1557 3200 geleistet,
1605 3122 1773 3165 XXIX·
1804 3135 1846 3176 P·
1879 3121 1964 3164 ¹14
1992 3127 2037 3164 θῐ
2068 3121 2165 3163 1¹5·
