2979 3536
1402 225 1480 238 ...
1555 194 1596 249 4
1673 221 1753 237 ...-

427 334 604 406 goram
653 336 708 388 in
749 331 929 387 Belief
967 328 1200 400 gebildet
1242 331 1335 395 ist,
1382 328 1717 384 vermuthlich
1751 327 1881 382 nach
1915 327 2030 383 dem
2062 330 2224 391 σώσῃ
2255 330 2562 402 gedach'ten
2571 333 2717 389 Affl-
2762 373 2766 378 .

425 418 586 473 schen
614 415 909 479 Gebrauch,
940 412 1339 467 Unvermahlten
1375 412 1467 463 das
1499 411 1689 464 Gefass
1723 415 1810 463 mit
1838 411 1952 465 dem
1986 413 2295 478 Βηηιιηᾶο,
2326 417 2554 471 Namens
2585 407 2733 470 m-
2788 457 2795 460 >
2892 401 2894 403 .
2929 369 2979 418 „22

425 505 539 572 piS,
573 501 687 554 aufs
721 498 860 551 Grab
895 513 966 548 zu
1003 500 1206 561 setzen,
1241 497 1320 546 als
1355 495 1584 547 Zeichen
1620 497 1762 546 einer
1795 495 2298 564 Jungfrauengmft.“

568 586 674 634 Iam
708 598 837 633 vero
875 597 1021 646 quum
1055 596 1184 645 quae
1224 579 1291 630 de
1321 580 1601 631 coelibatus
1631 582 1902 645 ignominia
1931 579 2176 630 hactenus
2211 573 2603 648 disputavimus,
2651 581 2720 634 ad
2809 580 2817 588 ⁴

428 684 494 721 ea
518 668 733 718 maxime
775 669 1002 732 tempora
1036 667 1353 731 spectarent,
1402 662 1578 727 quibus
1614 664 1817 726 antiqua
1852 662 1944 713 illa
1979 678 2163 713 morum
2197 665 2408 712 castitas
2451 667 2552 714 tam
2586 664 2722 732 apud

426 747 863 804 Lacedaemonios
905 761 1050 812 quam
1097 744 1234 814 apud
1267 744 1605 797 Athenienses
1640 744 1790 796 salva
1833 747 2083 797 etiamtum
2119 747 2174 797 et
2221 745 2512 813 incorrupta
2552 749 2691 800 esset
2707 765 2723 797 ε

426 848 554 887 ecce
589 830 726 899 apud
751 829 847 881 hos
870 833 1061 880 mutato
1086 827 1372 879 Alexandri
1404 827 1475 877 M.
1509 831 1678 878 aetate
1713 829 1825 894 ipso
1850 831 1926 879 rei
1952 827 2186 896 publicae
2219 832 2356 878 statu
2390 845 2556 880 novus
2577 846 2721 895 quum

425 913 580 985 plane
620 930 786 967 rerum
828 911 1140 981 publicarum
1189 912 1592 978 privatarumque
1642 908 1769 961 ordo
1815 913 2095 974 evasisset,
2131 910 2317 962 factum
2349 915 2429 962 est
2465 914 2553 974 ut,
2595 911 2723 964 luxu

425 1002 524 1050 iam
572 997 731 1064 longo
776 1012 846 1048 ex
894 999 1116 1062 tempore
1167 993 1440 1058 gliscente,
1491 993 1691 1044 tandem
1741 1011 1852 1046 cum
1902 1011 2085 1046 eversa
2130 997 2333 1059 antiqua
2380 996 2571 1045 virtute
2613 1012 2723 1047 mo·

423 1095 629 1146 rumque
673 1080 885 1148 pristina
928 1076 1248 1143 simplicitate
1285 1080 1338 1126 et
1380 1074 1601 1126 candore
1640 1076 1786 1125 simul
1828 1078 2120 1126 matrimonii
2161 1079 2406 1129 sanctitas
2442 1075 2510 1128 de
2556 1075 2721 1129 medio

423 1164 694 1218 tolleretur
727 1165 878 1226 atque
913 1157 1049 1225 quod
1083 1162 1235 1209 antea
1269 1157 1529 1209 honestum
1562 1164 1615 1209 et
1648 1161 1884 1210 maiorum
1920 1161 2160 1209 mstitutis
2194 1162 2453 1224 sancitum,
2486 1164 2715 1226 tanquam

425 1226 548 1316 lege
585 1246 758 1297 divina
791 1242 1069 1294 hominibus
1104 1244 1392 1308 imperatum
1423 1241 1717 1304 videbatur,
1762 1257 1892 1291 nunc
1939 1242 2029 1292 vel
2073 1241 2260 1293 derisui
2310 1248 2476 1305 esset,
2530 1243 2622 1296 vel
2669 1246 2721 1296 in

428 1326 809 1382 desuetudinem
842 1324 1019 1377 abiret.
1063 1322 1157 1376 Sic
1191 1340 1346 1375 sexus
1379 1327 1634 1389 utriusque
1666 1324 1891 1376 moribus
1912 1324 2153 1392 paulatim
2190 1324 2482 1393 depravatis
2517 1343 2722 1394 prorsus

426 1416 617 1464 mutata
646 1414 700 1462 et
735 1407 987 1461 coelibum
1034 1406 1259 1458 conditio
1297 1412 1405 1470 est,
1439 1424 1643 1472 quorum
1677 1423 1854 1458 nomen
1890 1422 2035 1472 quum
2070 1412 2221 1459 antea
2255 1408 2559 1475 flagitiosum
2594 1409 2721 1461 fuis-

426 1501 538 1558 set,
572 1508 703 1544 nunc
737 1494 789 1542 in
824 1492 1066 1558 sapientis
1095 1489 1249 1545 laude
1280 1507 1312 1539 a
1342 1490 1654 1540 multitudine
1680 1489 1974 1556 ponebatur.
2012 1487 2171 1540 Cuius
2200 1494 2485 1542 mutationis
2512 1506 2723 1546 caussae

428 1593 576 1644 quum
610 1575 744 1642 aliae
778 1573 964 1623 multae
987 1573 1203 1634 fuerunt,
1240 1587 1363 1636 quas
1400 1589 1634 1623 enarrare
1657 1572 1803 1621 huius
1837 1589 1936 1622 non
1971 1577 2051 1623 est
2082 1573 2203 1636 loci,
2236 1579 2337 1623 tum
2359 1576 2578 1628 immanis
2613 1592 2722 1629 mu·

426 1660 605 1711 lierum
639 1657 844 1706 luxuria
890 1659 966 1706 et·
993 1653 1294 1721 depravatio
1307 1689 1321 1715 ,
1375 1669 1576 1718 quarum
1620 1656 1828 1721 imperio
1881 1670 2025 1718 quum
2071 1660 2251 1723 sponte
2285 1657 2575 1710 submittere
2608 1675 2725 1711 sese

427 1742 531 1792 viri
564 1740 947 1797 cunctarentur,
992 1739 1156 1784 tamen
1190 1735 1477 1785 mulieribus
1515 1752 1692 1786 carere
1728 1738 1956 1801 quoniam
1989 1752 2090 1786 non
2119 1743 2376 1804 poterant,
2411 1738 2724 1794 hetaerarum
2820 1773 2824 1780 ·

433 1822 525 1875 vel
551 1819 686 1871 adeo
714 1819 1027 1869 meretricum
1056 1815 1482 1882 undequacunque
1499 1818 1731 1870 Athenas
1769 1824 1821 1869 et
1853 1817 1939 1868 ubi
1964 1835 2063 1870 non
2096 1820 2445 1873 confluentium
2471 1822 2728 1877 illecebris

431 1906 499 1957 ad
543 1898 738 1971 tempus
781 1899 1058 1949 fallendum
1102 1902 1289 1949 irretiri
1338 1901 1600 1950 malebant.
1684 1900 1839 1951 Adde
1882 1902 2017 1964 quod
2050 1906 2343 1955 matrimonii
2388 1905 2590 1958 ineundi
2632 1921 2725 1960 ue-

429 1990 718 2042 cessitatem
754 1980 1043 2051 philosophi
1081 1983 1252 2043 ntique
1282 1981 1654 2042 dissuaserunt,
1691 1988 1779 2030 aut
1813 1983 2186 2047 prudentissimi
2220 1987 2352 2047 viri,
2378 2001 2591 2049 qnorum
2618 2005 2724 2039 ma·-

430 2074 567 2124 xjma
595 2071 647 2120 in
680 2065 843 2132 vulgo
884 2063 1162 2113 auctoritas
1193 2061 1316 2124 fuit,
1366 2065 1759 2127 quotiescunque
1800 2060 1865 2113 de
1902 2079 2066 2115 uxore
2108 2064 2199 2115 vel
2241 2063 2474 2116 ducenda
2507 2069 2598 2120 vel
2630 2087 2729 2123 non

433 2149 667 2206 ducenda
700 2162 864 2198 sermo
902 2148 1057 2207 esset,
1093 2145 1143 2193 in
1175 2148 1430 2208 utramque
1467 2148 1657 2210 partem
1689 2141 2017 2209 disputarunt,
2053 2147 2233 2197 certe
2218 2162 2268 2195 m
2302 2163 2466 2199 uxore
2499 2148 2731 2206 ducenda

432 2236 500 2289 de
536 2246 723 2286 summa
768 2227 972 2281 cautela
1015 2224 1302 2277 adhibenda
1351 2228 1560 2278 iuvenes
1605 2224 1979 2277 admonuerunt.
2054 2226 2165 2280 Sed
2210 2228 2331 2280 nolo
2361 2227 2490 2283 haec
2527 2232 2729 2302 longius

429 2323 553 2373 meis
576 2316 751 2370 verbis
781 2310 1034 2381 persequi,
1072 2325 1201 2375 quae
1238 2325 1306 2360 ex
1341 2326 1430 2361 ore
1460 2309 1842 2377 locupletissimi
1879 2312 2052 2374 testiS,
2087 2312 2457 2381 Theophrasti,
2493 2315 2728 2370 libentius

431 2402 778 2471 excipientur,
835 2396 918 2459 qui
966 2409 1031 2444 eo
1077 2393 1360 2459 fragmento
1377 2428 1391 2454 ‚
1443 2393 1577 2458 quod
1627 2408 1696 2443 ex
1743 2395 1851 2443 eius
1886 2393 2020 2444 libro
2057 2393 2135 2446 des
2155 2398 2341 2462 nuptiis
2377 2395 2642 2464 deperdito
2677 2403 2727 2452 in

428 2486 654 2553 linguam
687 2480 922 2532 Latinam
956 2475 1250 2526 translatum
1283 2476 1617 2543 Hieronymus
1651 2479 1898 2538 servavit,
1933 2478 2092 2543 ipsius
2120 2482 2308 2529 aetat&
2327 2492 2456 2543 quae
2486 2481 2728 2546 aequales

432 2568 532 2620 hac
569 2564 635 2616 de
680 2577 738 2614 re
778 2560 1057 2621 senserint,
1104 2558 1460 2626 pereleganter
1507 2561 1813 2620 enarravit,
1842 2558 1976 2624 quod
2003 2561 2050 2609 si
2079 2575 2210 2620 nunc
2241 2559 2328 2620 hic
2363 2563 2608 2630 integrum
2641 2581 2727 2618 re·

433 2645 703 2721 petendum
746 2658 999 2704 curamus,
1051 2640 1404 2714 adnotatione⁶
1431 2642 1862 2707 quantulacunque
1910 2647 2083 2693 nostra
2116 2646 2435 2709 instructum,
2493 2645 2548 2696 id
2582 2648 2727 2700 simul

434 2729 805 2804 spectavimu8‚
849 2730 906 2777 ut
938 2726 1211 2777 occasione
1263 2724 1435 2776 oblata
1482 2741 1581 2776 uno
1616 2727 1667 2774 in
1704 2729 1979 2793 conspectu
2019 2740 2084 2777 ea
2119 2728 2283 2778 omnia
2316 2727 2462 2779 simul
2493 2729 2725 2783 colloca-

434 2819 609 2869 rentur
622 2848 638 2878 ,
698 2825 826 2877 quae
875 2824 944 2862 ex
975 2808 1067 2860 illo
1098 2806 1440 2876 Theophrasti
1474 2807 1653 2860 libello
1686 2806 1754 2858 ad
1788 2812 2006 2860 nostram
2035 2824 2193 2875 usque
2225 2814 2441 2862 aetatem
2475 2827 2725 2880 pervene-

433 2903 563 2952 runt.
623 2893 906 2951 Audiamus
938 2892 1095 2965 igitur
1122 2890 1479 2962 Hieronymum
1512 2891 1613 2944 hoc
1649 2890 1797 2944 modo
1830 2890 2156 2945 disserentem
2191 2892 2265 2956 ⁵J=

496 3063 547 3115 5)
561 3060 795 3105 Adversus
809 3057 1084 3102 Iovinianum
1100 3057 1137 3113 1,
1155 3055 1226 3099 48.
1254 3056 1455 3100 Ceterum
1474 3072 1562 3100 non
1610 3059 1798 3101 sincrum
1827 3056 2090 3115 Regiorum,
2130 3071 2308 3115 quorum
2341 3059 2382 3100 ίσ
2410 3072 2536 3115 quem
2575 3062 2654 3104 litt.
2685 3063 2729 3104 A

435 3124 665 3180 vulgatum
684 3124 933 3164 contextum
956 3115 1213 3172 Hieronymi
1240 3115 1313 3159 hic
1329 3129 1453 3174 pono,
1480 3118 1561 3160 sed
1610 3118 1811 3174 signavi,
1852 3115 1980 3160 hodie
2010 3123 2255 3161 numeratur
2286 3116 2425 3173 1796,
2453 3119 2552 3162 olim
2580 3120 2730 3163 Telle-

429 3182 635 3230 sonetum
665 3179 724 3225 ad
759 3189 950 3223 normam
991 3175 1190 3221 codicum
1228 3174 1405 3218 duorum
1433 3176 1561 3222 Pari·
1609 3177 1780 3233 rianus,
1813 3188 1931 3220 saec.
1951 3176 2029 3219 IX.
2062 3177 2272 3234 scriptus,
2302 3177 2409 3220 alter
2423 3176 2462 3219 B
2486 3190 2515 3221 a
2539 3190 2611 3221 me
2632 3177 2732 3222 dio-
