2979 3536
125 405 175 478 ’ᾗ
216 419 645 503 W-
676 348 938 503 imagines
961 433 1064 492 uon
1110 432 1144 467 ιι·
1175 387 1531 491 Theophrasto
1567 386 1787 485 quidem,
1840 418 1936 470 sed
1970 436 2003 470 a
2039 396 2223 475 nescio
2245 393 2385 489 ξιξ
2400 419 2561 477 beto

279 504 506 567 hosa-0
508 506 689 558 aetate
723 492 1037 567 recentiore,
1082 499 1213 553 licet
1245 503 1591 570 imperatorum
1625 502 1959 571 llomanorum
2003 507 2260 574 tempora
2267 520 2371 559 non
2392 521 2561 583 w

279 591 469 650 rante,
478 584 830 647 adumbratas
844 599 965 636 eme
992 586 1297 642 censerent·
1333 599 1464 650 quae
1498 588 1553 635 et
1585 582 1951 640 Valckeuaerii
1993 589 2047 637 et
2087 585 2306 641 Pon-soni
2345 587 2445 640 fuit
2489 586 2559 643 ιίο

280 668 501 738 origine
499 663 869 721 Characterum
906 664 1395 735 Theophrasteorum
1428 667 1679 719 sententia
1709 660 1792 729 ⁹⁸).

1155 819 1190 855 ᾗ
1402 851 1438 884 ᾖ
1649 820 1685 855 ³!ss

326 1008 331 1014 ⁴
415 993 571 1060 *Quod
594 996 658 1049 iu
689 993 829 1048 -votis
856 991 1159 1049 habebamus
1203 994 1423 1058 summis,
1475 997 1531 1044 ut
1564 992 1800 1045 revoluto
1843 992 2007 1046 hocce
2043 992 2128 1046 die
2163 1009 2338 1059 sacro,
2373 1011 2470 1063 quo
2504 1001 2555 1049 in

277 1085 514 1133 annorum
541 1077 765 1135 decursu
796 1092 958 1143 neque
982 1078 1205 1133 sanctior
1234 1076 1369 1134 ullus
1397 1092 1558 1144 neque
1587 1079 1875 1145 exoptatior
1897 1077 2043 1130 nobis
2075 1079 2242 1141 venit,
2277 1081 2429 1147 copia
2458 1090 2556 1134 'no—

237 1192 260 1216 0
275 1160 356 1213 bis
390 1160 619 1226 daretur,
651 1162 849 1214 intimos
881 1160 1152 1211 animorum
1183 1164 1462 1223 nostrorum
1495 1175 1671 1212 sensus
1707 1175 1832 1226 erga
1865 1159 2067 1212 Patrem
2100 1163 2298 1228 patriae
2329 1176 2398 1214 ex
2434 1161 2554 1216 loco

275 1248 330 1295 et
359 1243 532 1295 talium
555 1243 868 1296 >solemnium
910 1244 1164 1310 gravitate
1209 1247 1261 1295 et
1309 1246 1483 1295 nostra
1527 1258 1652 1309 erga
1686 1244 1919 1309 optimum
1951 1242 2234 1311 Principem
2265 1249 2555 1299 reverentIa

275 1323 443 1394 digno.
465 1325 643 1395 palam
661 1330 778 1378 ante
815 1324 995 1378 oculos
1027 1327 1236 1377 omnium
1267 1323 1586 1388 declarandi,
1636 1323 1690 1376 id
1737 1325 1854 1377 aula
1884 1324 2175 1378 academica
2207 1328 2258 1376 in
2293 1328 2418 1396 Ipsis
2453 1344 2552 1382 ve-

273 1411 398 1462 teris
429 1409 690 1481 collapsae
723 1408 985 1462 ruderibus
1030 1410 1224 1461 exstrui
1259 1401 1454 1476 quidem
1487 1410 1679 1460 iamiam
1713 1412 1920 1477 coepta,
1970 1407 2066 1460 sed
2095 1407 2261 1461 adhuc
2295 1427 2397 1464 non
2430 1429 2550 1493 per-

265 1491 412 1563 fecta
427 1492 588 1545 horno
611 1495 865 1560 quominus
886 1494 1117 1544 effectum
1134 1492 1389 1556 daremus,
1424 1497 1625 1559 praeter
1648 1493 2076 1560 exspectationem
2099 1496 2320 1544 nostrum
2343 1498 2552 1548 omnium

265 1551 577 1646 praepediti,
619 1575 828 1627 facimus
862 1591 993 1627 nunc
1027 1575 1083 1626 id
1130 1574 1265 1651 quod
1297 1591 1382 1627 res
1414 1574 1516 1626 fert
1550 1579 1603 1625 et
1648 1591 1744 1640 quo
1789 1574 2099 1627 voluntatem
2131 1579 2376 1641 nostram,
2427 1594 2550 1645 qua-

271 1674 465 1725 cunque
513 1660 749 1727 temporis
796 1657 970 1719 oblata
1016 1660 1387 1732 opportunitate
1420 1657 1643 1725 Principi
1695 1661 1879 1726 optimo
1927 1659 2297 1709 observantiam
2330 1667 2549 1718 nostram

271 1745 325 1793 et
359 1741 649 1808 obsequium
681 1739 1006 1803 testificandi,
1041 1739 1332 1808 patefacere
1368 1739 1590 1790 omnibus
1619 1739 1757 1791 licet.
1799 1741 1962 1808 Igitur
1995 1740 2109 1790 dum
2145 1721 2282 1806 quod
2316 1742 2551 1797 ardenter

234 1806 242 1817 ’
271 1836 402 1876 nunc
432 1825 828 1892 concupiscimus
863 1827 917 1874 et
950 1825 1109 1873 ratum
1141 1823 1345 1873 instanti
1379 1839 1509 1874 anno
1543 1823 1655 1874 fore
1691 1822 2001 1875 confidenter
2036 1838 2316 1891 speramus,
2366 1830 2421 1875 ut
2453 1828 2563 1897 pa-'

268 1905 394 1957 latio
430 1906 525 1958 illo
570 1912 671 1956 tum
705 1905 960 1973 perfecto,
1004 1919 1258 1954 sacrorum
1303 1903 1476 1954 horum
1514 1908 1816 1968 gravitatem
1864 1908 1997 1954 iusta
2045 1921 2144 1969 qua
2181 1904 2333 1958 decet
2379 1925 2543 1961 more-

268 2001 365 2052 que
413 1989 649 2038 maiorum
697 1989 925 2036 instituta
970 1986 1240 2051 gratiarum
1282 1985 1484 2035 actione
1531 1988 1764 2052 prosequi
1814 1985 1959 2037 nobis
1991 1985 2173 2050 liceat,
2214 1988 2408 2039 interim
2454 2007 2546 2059 per

266 2068 397 2122 hanc
446 2068 723 2121 litterarum
768 2067 1077 2136 publicarum
1126 2067 1545 2134 opportunitatem
1590 2083 1686 2118 non
1736 2067 1896 2118 solum
1945 2070 2129 2119 civium
2164 2073 2442 2121 nostrorum
2489 2080 2545 2123 ut

239 2152 393 2203 'unus
427 2168 520 2221 pro
555 2168 613 2204 se
660 2152 890 2217 quisque,
926 2148 1046 2215 quid
1079 2149 1130 2199 in
1178 2150 1317 2211 votis
1349 2147 1533 2201 habeat
1567 2153 1874 2218 susceptum,
1909 2149 1968 2200 N
1968 2152 2114 2200 umini
2144 2167 2372 2219 supremo
2403 2169 2541 2208 com-

265 2235 427 2285 mittat
461 2233 807 2296 exhortamur,
864 2231 959 2284 sed
1008 2233 1157 2283 etiam
1209 2233 1433 2283 universi
1483 2234 1760 2285 coniunctis
1795 2233 2150 2284 Universitatis
2193 2233 2340 2286 huius
2386 2240 2541 2289 totius

264 2316 499 2391 precibus
529 2315 692 2368 Deum
726 2314 786 2367 0.
819 2313 891 2365 Μ.
935 2313 1267 2377 obtestamur,
1330 2318 1387 2363 ut
1431 2330 1559 2380 quae
1601 2331 1693 2382 pro
1729 2314 1891 2366 salute
1924 2314 2273 2368 LUDOVICI
2305 2317 2386 2382 Π,
2441 2319 2537 2372 do-

264 2400 379 2449 mini
421 2399 581 2450 nostri
618 2398 920 2449 serenissimi
951 2401 1004 2448 et
1040 2396 1404 2448 clementissimi
1419 2431 1434 2458 ‚
1471 2412 1613 2461 quem
1646 2402 1919 2449 nostrarum
1951 2406 2123 2448 rerum*
2155 2401 2206 2448 in
2241 2402 2410 2467 primis
2441 2418 2536 2470 pa-

263 2486 457 2531 tronum
500 2484 554 2531 et
596 2479 841 2530 fautorem
876 2494 1172 2531 veneramur
1215 2482 1269 2531 et
1316 2474 1633 2547 suspicimus,
1677 2484 1731 2531 et
1769 2496 1860 2548 pro
1901 2479 2239 2533 incolumitate
2267 2479 2552 2545 Lunovrcn-

261 2562 511 2631 Principis
546 2560 809 2615 celsissimi
823 2597 837 2624 ,
892 2562 943 2612 in
978 2575 1076 2628 quo
1115 2559 1353 2615 heredem
1393 2561 1599 2614 Paterni
1645 2578 1744 2614 non
1779 2561 1937 2613 solum
1972 2565 2211 2629 nominis»,
2258 2562 2352 2614 sed
2388 2567 2537 2622 etiam

261 2647 498 2696 virtutum
531 2646 818 2698 eximiarum
850 2641 1188 2711 dignissimum
1221 2644 1542 2708 admiramur,
1576 2647 1937 2710 universaeque
1972 2643 2185 2711 denique
2214 2647 2406 2699 Domus
2441 2664 2535 2700 au·

259 2731 442 2795 gastae
473 2729 558 2796 pia
585 2733 711 2780 vota
745 2744 844 2779 ιιοιι
892 2726 992 2778 hoc
1027 2725 1189 2778 solum
1224 2726 1308 2779 die
1357 2743 1506 2784 sacro
1557 2726 1649 2778 sed
1686 2729 1863 2793 quovis
1897 2730 2132 2794 temporis
2164 2738 2411 2783 momento
2447 2748 2552 2782 su·-

257 2810 492 2878 scipimus
505 2845 520 2873 ‚
576 2815 688 2861 rata
722 2782 878 2862 faciat
912 2814 966 2862 et
997 2809 1148 2860 firma.
1218 2810 1390 2877 Atque
1435 2810 1645 2862 fortunis
1689 2809 1904 2860 familiae
1939 2808 2225 2879 Principum
2255 2815 2534 2865 nostrorum

259 2893 670 2960 augustissimae,
717 2895 859 2944 cuius
898 2895 949 2944 in
996 2894 1295 2961 sempiterna
1328 2892 1666 2946 incolumitate
1710 2893 1862 2942 totius
1895 2894 2088 2960 patriae
2123 2910 2262 2961 spem
2294 2900 2348 2946 et
2381 2912 2533 2949 secu-

280 3115 289 3124 ·
313 3055 482 3159 983ὃὲ7
511 3054 668 3158 δίηιὲῧι·
691 3056 836 3100 Ueber
865 3055 945 3099 das
966 3056 1116 3099 Lebcn
1148 3058 1233 3100 und
1255 3057 1470 3100 Schriften
1502 3057 1579 3098 des
1609 3057 1809 3099 Diamant
1830 3055 2004 3113 Con-ay,
2042 3058 2183 3100 fibcrs.
2211 3072 2298 3102 von
2326 3059 2416 3103 Ott.
2441 3063 2534 3105 Tu-

257 3128 334 3157 ιιοι
483 3145 492 3156 .
524 3129 565 3171 p.
657 3146 667 3155 .
