2979 3536
1209 157 1720 241 ‚-1s--

374 301 460 370 qui
492 299 642 363 affort
674 298 898 362 ridente,
945 296 1230 353 ducendam
1259 312 1469 351 uxorem
1500 299 1717 368 sapienti
1748 284 2027 367 praecipit,
2057 314 2140 353 ne
2171 298 2348 359 loven
2380 296 2664 364 ω..
2781 335 2791 342 .

374 389 430 439 et
462 380 791 439 Genethlium
815 379 996 435 violet.
1068 379 1181 437 Sed
1217 378 1622 450 Theophrastus,
1651 378 1720 433 ad
1754 394 1897 446 quem
1926 378 2110 444 redeo,
2145 392 2291 447 quum
2323 383 2734 450 quaestionum

372 466 517 521 illam
559 483 669 519 cnm
713 464 830 516 aliis
865 464 1223 534 Peripateticis
1259 461 1326 527 ⁹¹]
1371 463 1709 516 affirmandam
1751 468 2034 526 censeret,
2055 462 2391 530 Aristotehs,
2382 472 2470 519 ιιι
2507 464 2669 523 videm

371 552 481 613 tur,
515 547 612 600 hac
648 547 714 601 de
748 565 806 601 re
836 548 1034 617 placita
1065 545 1136 612 ⁹²)
1165 551 1396 609 secutus,
1433 563 1497 597 ea
1527 546 1672 613 lege,
1708 551 1764 596 ut
1796 546 1939 598 addit
1963 547 2350 614 Hieronymum,
2361 551 2665 607 martian-

373 647 512 688 suanr
539 633 796 693 coercuit,
832 636 890 681 ιιι
917 633 1080 682 virum
1114 633 1387 701 sapientem
1421 627 1691 695 aliquando
1717 632 2070 681 matrimonium
2102 630 2231 680 inire
2260 644 2424 697 posse
2435 629 2662 696 disard,

372 715 419 764 si
433 712 661 783 pulchra
691 718 856 777 esset,
893 716 939 766 si
972 711 1103 766 bene
1138 718 1357 776 morata,
1395 715 1443 762 si
1475 711 1689 764 honesta
1722 713 2036 782 parentibus,
2060 712 2119 762 ‚si
2137 712 2264 779 -ipse
2297 720 2450 766 sanus
2478 727 2543 767 ιο
2558 710 2661 767 ffl-

370 811 482 849 ves.
554 796 697 861 Quae
744 799 845 851 iam
888 813 958 851 ex
999 799 1108 850 eius
1156 797 1285 849 libro
1334 794 1399 848 de
1447 797 1633 865 nupt-iis
1667 795 1977 866 Hieronymo
2014 794 2145 848 duce
2179 808 2337 864 supra
2355 796 2416 848 in
2444 794 2661 851 median

367 880 665 950 protulimus
678 918 693 946 ,
730 898 876 949 quum
904 884 978 934 ita
1009 885 1294 949 comparata
1328 881 1452 944 sint,
1489 883 1546 930 ut
1579 881 1796 949 sapienti
1829 881 2181 932 matrimonium
2206 876 2470 932 ineundum
2500 882 2662 949 magis

370 961 700 1024 dissuadeant
719 982 862 1031 quam
883 963 1238 1027 commendent,
1274 979 1337 1014 ea
1361 978 1430 1014 ex
1449 962 1733 1015 adversarii
1752 980 1968 1031 persona
1989 963 2128 1014 dicta
2144 961 2404 1025 videntur,
2432 962 2661 1031 pericula

368 1049 422 1096 et
445 1045 784 1110 calamitatem,
812 1047 986 1112 quibus
1011 1048 1189 1097 marito
1218 1044 1603 1097 conflictandum
1627 1049 1722 1110 sit,
1755 1049 2047 1098 matrimonii
2073 1044 2328 1099 laudatori
2360 1047 2544 1113 quippe
2559 1061 2657 1113 op-

366 1129 617 1195 ponentis.
685 1129 848 1179 Huius
885 1129 1012 1189 enim
1045 1128 1208 1179 verba
1249 1127 1513 1196 probabile
1545 1132 1628 1179 est
1674 1131 1889 1180 sermoni
1923 1144 2172 1197 personae
2207 1129 2504 1183 contrariam
2536 1142 2657 1180 seu·-

366 1212 572 1262 tentiam
600 1213 890 1263 sustinentis
903 1248 918 1275 ‚
961 1212 1143 1279 quippe
1188 1212 1404 1278 sapienti
1440 1208 1636 1276 quando
1680 1215 1735 1261 et
1771 1211 1967 1276 qualem
1996 1227 2205 1264 uxorem
2240 1211 2428 1263 ducere
2461 1224 2657 1263 couve—

364 1295 512 1358 niret,
547 1309 612 1347 eo
648 1295 863 1347 consilio
889 1293 1118 1346 subiecta
1146 1309 1278 1357 esse,
1315 1297 1386 1356 ut,
1422 1296 1712 1360 argumento
1745 1296 1889 1358 quasi
1923 1296 1973 1345 in
2005 1293 2203 1346 modum
2235 1292 2513 1355 ἀντιλογίας
2547 1291 2656 1344 dis-

364 1378 559 1443 posito,
593 1379 670 1429 rei
707 1379 902 1429 omnino
942 1375 1061 1443 quid
1097 1380 1234 1427 esset
1267 1377 1320 1428 in
1354 1380 1611 1442 utramque
1645 1379 1836 1444 partem
1871 1376 2229 1445 explanaretur
2262 1381 2315 1429 et
2339 1378 2415 1429 sic
2446 1374 2657 1428 cuilibet

363 1474 448 1510 res
482 1457 552 1510 ad
586 1460 855 1529 optandum
890 1462 942 1510 in
975 1457 1141 1510 medio
1176 1459 1555 1526 relinqueretur.
1612 1458 1754 1522 Quae
1790 1462 2066 1528 argumenti
2101 1462 2338 1513 tractatio
2368 1475 2514 1525 quum
2544 1457 2656 1512 fere

368 1541 585 1604 accedat
619 1542 692 1594 ad>
724 1559 884 1611 genus
921 1542 1267 1605 dramaticum,
1299 1547 1402 1593 tum
1431 1544 1693 1609 imaginem
1724 1558 1910 1594 morum
1944 1547 2042 1594 tam
2077 1545 2287 1610 egregie
2319 1541 2656 1594 adumbratam
2736 1604 2753 1618 .

366 1624 601 1695 exhibet,
636 1630 693 1675 ut
727 1625 883 1676 facile
915 1623 1229 1690 intelligatur
1259 1626 1342 1688 qui
1375 1624 1562 1676 factum
1594 1626 1691 1688 sit,
1741 1629 1798 1674 ut
1832 1642 1902 1677 ex
1935 1625 2314 1693 Theophrasto,
2365 1626 2508 1677 cuius
2543 1622 2653 1676 dis-

365 1706 563 1775 cipulus
598 1706 757 1759 fuisse
792 1706 952 1758 fertur
985 1703 1077 1769 ⁹³),
1112 1704 1392 1757 Menander
1428 1703 1666 1760 Comicus
1701 1707 2240 1776 profecissefdicatur,
2285 1723 2428 1773 quem
2461 1710 2513 1759 in
2544 1723 2655 1760 mo·

364 1790 504 1840 ribus
538 1789 784 1840 hominum
817 1788 885 1839 ad
918 1793 1143 1838 naturam
1179 1794 1232 1840 et
1266 1789 1429 1841 seculi
1458 1791 1708 1858 ingenium
1732 1788 2078 1842 describendis
2100 1794 2236 1850 inter-
2264 1790 2504 1857 aequales
2537 1790 2656 1858 pal-

363 1888 490 1923 mam
527 1871 707 1924 tulisse
739 1874 950 1924 omnium
984 1872 1222 1938 suffragio
1267 1877 1482 1923 constat.
1553 1872 1907 1940 Theophrasto
1943 1874 2164 1939 quidem,
2215 1878 2271 1925 ut
2303 1873 2552 1927 Meinekii
2583 1871 2653 1937 ⁹⁴]

363 1959 480 2006 utar
512 1955 714 2018 verbis,
749 1956 988 2005 virtutum
1022 1957 1352 2018 vitiorumque
1385 1957 1607 2008 notatori
1643 1958 1931 2007 acutissimo
1946 1990 1962 2018 ,
1996 1956 2096 2008 hoc
2124 1958 2430 2024 potissimum
2464 1971 2655 2024 accep·

362 2042 465 2087 tum
491 2036 678 2110 ,tulisse
712 2035 1040 2087 Menandrum
1071 2035 1395 2098 crediderim,
1443 2039 1498 2085 ut
1532 2035 1852 2105 philosophia
1887 2036 2019 2091 duce
2054 2039 2107 2089 in
2138 2039 2339 2088 intimos
2373 2039 2520 2088 animi
2553 2036 2652 2088 hn-

362 2120 491 2170 mani
525 2135 762 2171 recessus
791 2123 1080 2188 penetraret
1116 2124 1170 2172 et
1199 2121 1345 2170 varia
1378 2117 1624 2170 hominum
1659 2121 1862 2186 ingenia
1893 2124 1947 2172 et
1967 2123 2305 2188 χαρακτῆρας,
2339 2121 2545 2172 remotis
2577 2121 2653 2172 si-

361 2201 682 2253 mulationum
716 2202 1018 2266 involucris,
1054 2200 1333 2252 admirabili
1367 2199 1580 2253 artificio
1605 2202 1852 2269 pingeret.
1887 2203 2059 2268 Atque
2086 2205 2138 2253 in
2169 2203 2293 2270 ipsis
2314 2200 2652 2266 Menandreis‚

363 2300 490 2352 qnae
520 2289 736 2337 aetatem
771 2284 1016 2348 tulerunt,
1052 2284 1343 2353 fragmentis
1377 2287 1544 2335 insunt
1578 2285 1843 2350 nonnulla,
1893 2287 2069 2353 quibus
2100 2287 2263 2336 mariti
2299 2283 2365 2336 de
2398 2286 2651 2338 matrimo-
2719 2306 2721 2309 ·

361 2369 432 2419 nii
466 2367 713 2420 molestiis
749 2373 802 2420 et
836 2368 1205 2421 calamitatibus
1242 2366 1404 2432 deque
1444 2368 1680 2435 superbia
1724 2387 1935 2422 uxorum
1967 2374 2063 2420 vix
2093 2360 2303 2420 ferenda
2338 2383 2650 2433 conqueren-

362 2455 441 2503 tes
476 2446 882 2516 introducuntur‚
916 2455 973 2502 nt
1008 2452 1060 2503 in
1083 2450 1268 2503 Plocio
1302 2449 1473 2501 sabula
1489 2447 1582 2514 ⁹⁵),
1619 2449 1797 2517 quibus
1832 2451 2161 2521 praefulsisse
2196 2445 2306 2502 fere
2341 2447 2485 2501 dicas
2519 2465 2648 2516 quae

360 2535 410 2584 in
440 2532 721 2601 fragmento
756 2533 1146 2602 Theophrasteo
1182 2533 1432 2600 leguntur.
1501 2533 1647 2595 Quod
1683 2550 1815 2586 cave
1850 2539 2010 2586 tamen
2048 2551 2112 2587 eo
2152 2550 2303 2585 sensu
2338 2531 2523 2584 dictum
2553 2548 2646 2586 ac-

361 2608 537 2683 cipias,
574 2621 629 2665 ut
662 2619 714 2667 in
751 2616 918 2668 aliena
952 2615 1194 2667 incidisse
1228 2618 1399 2666 vineta
1416 2615 1698 2666 Menander
1731 2622 1998 2684 arguatur,
2033 2618 2115 2682 qui
2150 2603 2417 2683 disciplina
2451 2615 2647 2680 quidem

359 2695 699 2766 Theophrasti
735 2697 1041 2763 aliorumque
1060 2700 1330 2760 institutus,
1364 2700 1568 2765 ingenio
1597 2701 1708 2766 ipse
1730 2716 1840 2762 suo,
1876 2714 1977 2765 quo
2002 2703 2268 2751 contentus
2290 2711 2406 2748 esse
2429 2702 2645 2766 poterat,

295 2819 303 2828 .
361 2779 497 2846 quod
532 2779 597 2832 ab
633 2778 748 2830 aliis
783 2782 1010 2849 accepit,
1045 2796 1188 2832 snum
1222 2779 1392 2833 facere
1429 2779 1622 2832 didicit.

414 2943 497 2994 91)
523 2941 795 2987 Demetrium
813 2941 1071 2987 Phalereum
1095 2950 1187 3000 περὶ
1205 2943 1340 3001 γάμου
1366 2943 1479 2988 scri-
1585 2942 1668 2994 93)
1697 2943 1824 3001 Diog.
1859 2943 2006 2987 Laert.
2040 2943 2110 3000 V,
2139 2940 2212 2985 36.

357 3003 479 3059 psise
509 3008 694 3047 testatur
718 3001 942 3061 Diogenes
970 3002 1118 3047 lauert.
1149 3003 1220 3057 V,
1248 3003 1321 3046 81.
1583 3014 1669 3066 94)
1701 3014 1925 3059 Menandr.
1953 3014 2096 3070 Renq
2126 3027 2168 3070 Ρ
2190 3013 2325 3056 xxv
2327 3013 2362 3055 ι,

415 3084 500 3137 92)
529 3084 590 3128 V.
615 3084 783 3129 Comm.
813 3086 850 3128 1.
880 3099 923 3144 p.
947 3083 990 3130 5.
1022 3083 1255 3145 Goettling.
1286 3084 1342 3132 ad
1371 3085 1477 3131 Ari-
1583 3084 1668 3137 95)
1698 3085 1840 3129 Huius
1857 3084 2107 3130 comoediae
2123 3083 2164 3128 fr
2142 3090 2366 3192 tegmenta
2381 3094 2515 3141 nuper
2532 3098 2646 3130 exa-

357 3150 456 3187 stot.
486 3142 644 3189 oecon.
674 3158 717 3203 p.
746 3145 852 3190 XV.
1524 3145 1706 3190 minavit
1719 3143 1924 3204 Spengel.
1941 3144 1999 3189 ad
2007 3143 2169 3190 caecil.
2221 3149 2283 3189 tat
2313 3143 2385 3189 Fr.
2401 3143 2528 3201 113⁷.
2549 3156 2643 3201 seq-
